@Online{energieakkoord,
	author     = {Rijksoverheid},
	title      = {Energieakkoord voor duurzame groei (4.2.2)},
	url        = {https://www.rijksoverheid.nl/documenten/convenanten/2013/09/06/energieakkoord-voor-duurzame-groei},
	%urlday     = {30},
	%urlmonth   = {10},
	%urlyear    = {2021},
}